<record><leader>00000cas a22000007a 4500</leader><controlfield tag="001">15279444</controlfield><controlfield tag="008">870306d18921968inuwr ne      0    0eng d</controlfield><datafield ind1=" " ind2=" " tag="010"><subfield code="a">sn 87055436 </subfield></datafield><datafield ind1=" " ind2=" " tag="040"><subfield code="a">NPI</subfield><subfield code="b">eng</subfield><subfield code="c">NPI</subfield><subfield code="d">OCLCQ</subfield></datafield><datafield ind1=" " ind2=" " tag="042"><subfield code="a">msc</subfield></datafield><datafield ind1="0" ind2="4" tag="245"><subfield code="a">The Waynetown despatch.</subfield></datafield><datafield ind1=" " ind2=" " tag="260"><subfield code="a">Waynetown, Ind. :</subfield><subfield code="b">J.W. Small,</subfield><subfield code="c">-1968.</subfield></datafield><datafield ind1=" " ind2=" " tag="310"><subfield code="a">Weekly</subfield></datafield><datafield ind1="1" ind2=" " tag="362"><subfield code="a">Began in Oct. 1892.</subfield></datafield><datafield ind1="0" ind2=" " tag="362"><subfield code="a">-71 years, no. 8 (Feb. 23, 1968).</subfield></datafield><datafield ind1=" " ind2=" " tag="500"><subfield code="a">Contents identical with: The Tri-county news (Waveland, Ind.), and: The Wingate news, &lt;Sept. 15, 1966&gt;-Feb. 23, 1968.</subfield></datafield><datafield ind1=" " ind2=" " tag="515"><subfield code="a">Suspended in Feb. 1929; resumed with Mar. 6, 1930 issue.</subfield></datafield><datafield ind1=" " ind2=" " tag="588"><subfield code="a">Description based on: Vol. 4, no. 16 (Feb. 8, 1896).</subfield></datafield><datafield ind1=" " ind2=" " tag="752"><subfield code="a">United States</subfield><subfield code="b">Indiana</subfield><subfield code="c">Montgomery</subfield><subfield code="d">Waynetown.</subfield></datafield><datafield ind1="0" ind2="0" tag="780"><subfield code="t">Wingate graphic</subfield></datafield><datafield ind1="0" ind2=" " tag="787"><subfield code="t">Tri-county news (Waveland, Ind.)</subfield><subfield code="w">(DLC)sn 87055440</subfield></datafield><datafield ind1="0" ind2=" " tag="787"><subfield code="t">Wingate news (Wingate, Ind.)</subfield><subfield code="w">(DLC)sn 87055437</subfield></datafield></record>